% Introduction
@book{sommerville2006software,
 author = {Sommerville, Ian},
 title = {Software Engineering: (Update) (8th Edition) (International Computer Science)},
 year = {2006},
 isbn = {0321313798},
 publisher = {Addison-Wesley Longman Publishing Co., Inc.},
 address = {Boston, MA, USA},
}


@book{lewis1991empirical,
 title={An empirical study of the object-oriented paradigm and software reuse},
 author={Lewis, John A and Henry, Sallie M and Kafura, Dennis G and Schulman, Robert S},
 volume={26},
 number={11},
 year={1991},
 publisher={ACM}
}




@article{ko2013practical,
  title={A practical guide to controlled experiments of software engineering tools with human participants},
  author={Ko, Andrew J and LaToza, Thomas D and Burnett, Margaret M},
  journal={Empirical Software Engineering},
  pages={1--32},
  year={2013},
  publisher={Springer}
}


@incollection{wohlin2003empirical,
  title={Empirical research methods in software engineering},
  author={Wohlin, Claes and H{\"o}st, Martin and Henningsson, Kennet},
  booktitle={Empirical methods and studies in software engineering},
  pages={7--23},
  year={2003},
  publisher={Springer}
}


@article{zumbo2002robustness,
  title={The robustness of validity and efficiency of the related samples t-test in the presence of outliers},
  author={Zumbo, Bruno D and Jennings, Martha J},
  journal={Psicol{\'o}gica: Revista de metodolog{\'\i}a y psicolog{\'\i}a experimental},
  volume={23},
  number={2},
  pages={415--450},
  year={2002}
}




@article{gonzalez2012reproducibility,
    title={On the reproducibility of empirical software engineering studies based on data retrieved from development repositories},
    author={Gonz{\'a}lez-Barahona, Jes{\'u}s M and Robles, Gregorio},
    journal={Empirical Software Engineering},
    volume={17},
    number={1-2},
    pages={75--89},
    year={2012},
    publisher={Springer}
}


@incollection{jedlitschka2008reporting,
    title={Reporting experiments in software engineering},
    author={Jedlitschka, Andreas and Ciolkowski, Marcus and Pfahl, Dietmar},
    booktitle={Guide to advanced empirical software engineering},
    pages={201--228},
    year={2008},
    publisher={Springer}
}


@incollection{brooks2008replication,
    title={Replication's role in software engineering},
    author={Brooks, Andrew and Roper, Marc and Wood, Murray and Daly, John and Miller, James},
    booktitle={Guide to advanced empirical software engineering},
    pages={365--379},
    year={2008},
    publisher={Springer}
}
@inproceedings{sawadsky2013reverb,
 title={Reverb: recommending code-related web pages},
 author={Sawadsky, Nicholas and Murphy, Gail C and Jiresal, Rahul},
 booktitle={Proceedings of the 2013 International Conference on Software Engineering},
 pages={812--821},
 year={2013},
 organization={IEEE Press}
}




%Background
@article{rousseeuw1990unmasking,
 title={Unmasking multivariate outliers and leverage points},
 author={Rousseeuw, Peter J and Van Zomeren, Bert C},
 journal={Journal of the American Statistical Association},
 volume={85},
 number={411},
 pages={633--639},
 year={1990},
 publisher={Taylor \& Francis}
}


@article{hodge2004survey,
 title={A survey of outlier detection methodologies},
 author={Hodge, Victoria J and Austin, Jim},
 journal={Artificial Intelligence Review},
 volume={22},
 number={2},
 pages={85--126},
 year={2004},
 publisher={Springer}
}


@article{osborne2004power,
 title={The power of outliers (and why researchers should always check for them)},
 author={Osborne, Jason W and Overbay, Amy},
 journal={Practical assessment, research \& evaluation},
 volume={9},
 number={6},
 pages={1--12},
 year={2004}
}


@article{grubbs1969procedures,
 title={Procedures for detecting outlying observations in samples},
 author={Grubbs, Frank E},
 journal={Technometrics},
 volume={11},
 number={1},
 pages={1--21},
 year={1969},
 publisher={Taylor \& Francis}
}


@article{sjoberg2005survey,
    title={A survey of controlled experiments in software engineering},
      author={Sj{\o}berg, Dag IK and Hannay, Jo Erskine and Hansen, Ove and Kampenes, Vigdis By and Karahasanovic, Amela and Liborg, N-K and Rekdal, Anette C},
        journal={Software Engineering, IEEE Transactions on},
          volume={31},
            number={9},
              pages={733--753},
                year={2005},
                  publisher={IEEE}
}
@article{arcuri2012hitchhiker,
 title={A hitchhiker's guide to statistical tests for assessing randomized algorithms in software engineering},
 author={Arcuri, Andrea and Briand, Lionel},
 journal={Software Testing, Verification and Reliability},
 year={2012},
 publisher={Wiley Online Library}
}


@inproceedings{gomez2010replication,
 title={Replication, reproduction and re-analysis: Three ways for verifying experimental findings},
 author={G{\'o}mez, OS and Juristo, N and Vegas, S},
 booktitle={Proceedings of the 1st international workshop on replication in empirical software engineering research (RESER 2010), Cape Town, South Africa},
 year={2010}
}


@incollection{brooks2008replication,
    title={Replication's role in software engineering},
      author={Brooks, Andrew and Roper, Marc and Wood, Murray and Daly, John and Miller, James},
        booktitle={Guide to advanced empirical software engineering},
          pages={365--379},
            year={2008},
              publisher={Springer}
}


@article{basili1999building,
    title={Building knowledge through families of experiments},
      author={Basili, Victor R and Shull, Forrest and Lanubile, Filippo},
        journal={Software Engineering, IEEE Transactions on},
          volume={25},
            number={4},
              pages={456--473},
                year={1999},
                  publisher={IEEE}
}


@article{lindsay1993design,
    title={The design of replicated studies},
      author={Lindsay, R Murray and Ehrenberg, Andrew SC},
        journal={The American Statistician},
          volume={47},
            number={3},
              pages={217--228},
                year={1993},
                  publisher={Taylor \& Francis}
}


@article{juristo2011role,
    title={The role of non-exact replications in software engineering experiments},
      author={Juristo, Natalia and Vegas, Sira},
        journal={Empirical Software Engineering},
          volume={16},
            number={3},
              pages={295--324},
                year={2011},
                  publisher={Springer}
}


@article{shull2008role,
    title={The role of replications in empirical software engineering},
      author={Shull, Forrest J and Carver, Jeffrey C and Vegas, Sira and Juristo, Natalia},
        journal={Empirical Software Engineering},
          volume={13},
            number={2},
              pages={211--218},
                year={2008},
     
             publisher={Springer}
}
@book{wohlin2012experimentation,
    title={Experimentation in software engineering},
      author={Wohlin, Claes and Runeson, Per and Hst, Martin and Ohlsson, Magnus C and Regnell, Bjrn and Wessln, Anders},
        year={2012},
          publisher={Springer Publishing Company, Incorporated}
}


%%MZS
@article{garcia2012tests,
 title={Tests to identify outliers in data series},
 author={Garcia, Francisco Augusto Alcaraz},
 journal={Pontifical Catholic University of Rio de Janeiro, Industrial Engineering Department, Rio de Janeiro, Brazil},
 year={2012}
}
@online{ibm2007spss,
author = {SPSS, IBM},
title = {{IBM SPSS} Modified z score},
year = 2007,
url = {http://pic.dhe.ibm.com/infocenter/spssas/v1r0m0/index.jsp?topic=%2Fcom.ibm.spss.analyticcatalyst.help%2Fanalytic_catalyst%2Fmodified_z.html},
urldate = {2014-05-06} 
}






@book{iglewicz1993detect,
 title={How to detect and handle outliers},
 author={Iglewicz, Boris and Hoaglin, David C},
 volume={16},
 year={1993},
 publisher={ASQC Quality Press Milwaukee (Wisconsin)}
}






%%aLOCI
@inproceedings{papadimitriou2003loci,
 title={Loci: Fast outlier detection using the local correlation integral},
 author={Papadimitriou, Spiros and Kitagawa, Hiroyuki and Gibbons, Phillip B and Faloutsos, Christos},
 booktitle={Data Engineering, 2003. Proceedings. 19th International Conference on},
 pages={315--326},
 year={2003},
 organization={IEEE}
}


%%ABOD
@inproceedings{kriegel2008angle,
  title={Angle-based outlier detection in high-dimensional data},
  author={Kriegel, Hans-Peter and Zimek, Arthur and others},
  booktitle={Proceedings of the 14th ACM SIGKDD international conference on Knowledge discovery and data mining},
  pages={444--452},
  year={2008},
  organization={ACM}
}


%%ELKI
@inproceedings{elki2013,
 author    = {Elke Achtert and
              Hans-Peter Kriegel and
              Erich Schubert and
              Arthur Zimek},
 title     = {Interactive data mining with 3D-parallel-coordinate-trees},
 booktitle = {SIGMOD Conference},
 year      = {2013},
 pages     = {1009-1012},
 ee        = {http://doi.acm.org/10.1145/2463676.2463696},
 crossref  = {DBLP:conf/sigmod/2013},
 bibsource = {DBLP, http://dblp.uni-trier.de}
}


%%Related work
@article{kitchenham2002preliminary,
  title={Preliminary guidelines for empirical research in software engineering},
  author={Kitchenham, Barbara A and Pfleeger, Shari Lawrence and Pickard, Lesley M and Jones, Peter W and Hoaglin, David C. and El Emam, Khaled and Rosenberg, Jarrett},
  journal={Software Engineering, IEEE Transactions on},
  volume={28},
  number={8},
  pages={721--734},
  year={2002},
  publisher={IEEE}
}
@article{seo2013value,
 title={On the value of outlier elimination on software effort estimation research},
 author={Seo, Yeong-Seok and Bae, Doo-Hwan},
 journal={Empirical Software Engineering},
 volume={18},
 number={4},
 pages={659--698},
 year={2013},
 publisher={Springer}
}
@article{card1987evaluating,
 title={Evaluating software engineering technologies},
 author={Card, David N and Mc Garry, Frank E. and Page, Gerald T.},
 journal={Software Engineering, IEEE Transactions on},
 number={7},
 pages={845--851},
 year={1987},
 publisher={IEEE}
}
@inproceedings{nam2013transfer,
 title={Transfer defect learning},
 author={Nam, Jaechang and Pan, Sinno Jialin and Kim, Sunghun},
 booktitle={Proceedings of the 2013 International Conference on Software Engineering},
 pages={382--391},
 year={2013},
 organization={IEEE Press}
}




@article{seo2013value,
 title={On the value of outlier elimination on software effort estimation research},
 author={Seo, Yeong-Seok and Bae, Doo-Hwan},
 journal={Empirical Software Engineering},
 volume={18},
 number={4},
 pages={659--698},
 year={2013},
 publisher={Springer}
}
@article{yuan2001effect,
 title={Effect of outliers on estimators and tests in covariance structure analysis},
 author={Yuan, Ke-Hai and Bentler, Peter M},
 journal={British Journal of Mathematical and Statistical Psychology},
 volume={54},
 number={1},
 pages={161--175},
 year={2001},
 publisher={Wiley Online Library}
}




@article{zimek2012survey,
  title={A survey on unsupervised outlier detection in high-dimensional numerical data},
  author={Zimek, Arthur and Schubert, Erich and Kriegel, Hans-Peter},
  journal={Statistical Analysis and Data Mining},
  volume={5},
  number={5},
  pages={363--387},
  year={2012},
  publisher={Wiley Online Library}
}


%%Method
@article{biolchini2005systematic,
 title={Systematic review in software engineering},
 author={Biolchini, Jorge and Mian, P Gomes and Natali, A Candida Cruz and Travassos, G Horta},
 journal={System Engineering and Computer Science Department COPPE/UFRJ, Technical Report ES},
 volume={679},
 number={05},
 year={2005}
}


@article{brereton2007lessons,
 title={Lessons from applying the systematic literature review process within the software engineering domain},
 author={Brereton, Pearl and Kitchenham, Barbara A and Budgen, David and Turner, Mark and Khalil, Mohamed},
 journal={Journal of systems and software},
 volume={80},
 number={4},
 pages={571--583},
 year={2007},
 publisher={Elsevier}
}


@article{runeson2009guidelines,
 title={Guidelines for conducting and reporting case study research in software engineering},
 author={Runeson, Per and H{\"o}st, Martin},
 journal={Empirical software engineering},
 volume={14},
 number={2},
 pages={131--164},
 year={2009},
 publisher={Springer}
}


@article{kitchenham2007guidelines,
 title={Guidelines for performing systematic literature reviews in software engineering},
 author={Kitchenham, Barbara A and Charters, Stuart},
 year={2007}
}


% ELKI
@inproceedings{DBLP:conf/sigmod/AchtertKSZ13,
 author    = {Elke Achtert and
              Hans-Peter Kriegel and
              Erich Schubert and
              Arthur Zimek},
 title     = {Interactive data mining with 3D-parallel-coordinate-trees},
 booktitle = {SIGMOD Conference},
 year      = {2013},
 pages     = {1009-1012},
 ee        = {http://doi.acm.org/10.1145/2463676.2463696},
 crossref  = {DBLP:conf/sigmod/2013},
 bibsource = {DBLP, http://dblp.uni-trier.de}
}


% Shapiro-Wilk power reference
@article{razali2011power,
 title={Power comparisons of shapiro-wilk, kolmogorov-smirnov, lilliefors and anderson-darling tests},
 author={Razali, Nornadiah Mohd and Wah, Yap Bee},
 journal={Journal of Statistical Modeling and Analytics},
 volume={2},
 number={1},
 pages={21--33},
 year={2011}
}




% Papers from paper search
@inproceedings{bavota2013empirical,
 title={An empirical study on the developers' perception of software coupling},
 author={Bavota, Gabriele and Dit, Bogdan and Oliveto, Rocco and Di Penta, Massimiliano and Poshyvanyk, Denys and De Lucia, Andrea},
 booktitle={Proceedings of the 2013 International Conference on Software Engineering},
 pages={692--701},
 year={2013},
 organization={IEEE Press}
}


@article{itkonen2013test,
 title={Are test cases needed? Replicated comparison between exploratory and test-case-based software testing},
 author={Itkonen, Juha and M{\"a}ntyl{\"a}, Mika V},
 journal={Empirical Software Engineering},
 pages={1--40},
 year={2013},
 publisher={Springer}
}
@inproceedings{nam2013transfer,
 title={Transfer defect learning},
 author={Nam, Jaechang and Pan, Sinno Jialin and Kim, Sunghun},
 booktitle={Proceedings of the 2013 International Conference on Software Engineering},
 pages={382--391},
 year={2013},
 organization={IEEE Press}
}




@article{arcuri2013parameter,
 title={Parameter tuning or default values? An empirical investigation in search-based software engineering},
 author={Arcuri, Andrea and Fraser, Gordon},
 journal={Empirical Software Engineering},
 volume={18},
 number={3},
 pages={594--623},
 year={2013},
 publisher={Springer}
}
%Adoption and use of Java generics
@article{parnin2013adoption,
 title={Adoption and use of Java generics},
 author={Parnin, Chris and Bird, Christian and Murphy-Hill, Emerson},
 journal={Empirical Software Engineering},
 volume={18},
 number={6},
 pages={1047--1089},
 year={2013},
 publisher={Springer}
}




@inproceedings{shar2013mining,
 title={Mining SQL injection and cross site scripting vulnerabilities using hybrid program analysis},
 author={Shar, Lwin Khin and Tan, Hee Beng Kuan and Briand, Lionel C},
 booktitle={Proceedings of the 2013 International Conference on Software Engineering},
 pages={642--651},
 year={2013},
 organization={IEEE Press}
}


@inproceedings{minku2013analysis,
 title={An analysis of multi-objective evolutionary algorithms for training ensemble models based on different performance measures in software effort estimation},
 author={Minku, Leandro L and Yao, Xin},
 booktitle={Proceedings of the 9th International Conference on Predictive Models in Software Engineering},
 pages={8},
 year={2013},
 organization={ACM}
}


@inproceedings{wang2013improving,
 title={Improving feature location practice with multi-faceted interactive exploration},
 author={Wang, Jinshui and Peng, Xin and Xing, Zhenchang and Zhao, Wenyun},
 booktitle={Proceedings of the 2013 International Conference on Software Engineering},
 pages={762--771},
 year={2013},
 organization={IEEE Press}
}
@inproceedings{polikarpova2013good,
 title={What good are strong specifications?},
 author={Polikarpova, Nadia and Furia, Carlo A and Pei, Yu and Wei, Yi and Meyer, Bertrand},
 booktitle={Proceedings of the 2013 International Conference on Software Engineering},
 pages={262--271},
 year={2013},
 organization={IEEE Press}
}


@article{tan2010advancing,
 title={Advancing standards for bioinformatics activities: persistence, reproducibility, disambiguation and Minimum Information About a Bioinformatics investigation (MIABi)},
 author={Tan, Tin W and Tong, Joo C and Khan, Asif M and de Silva, Mark and Lim, Kuan S and Ranganathan, Shoba},
 journal={BMC genomics},
 volume={11},
 number={Suppl 4},
 pages={S27},
 year={2010},
 publisher={BioMed Central Ltd}
}


@article{gentleman2004reproducible,
 title={Reproducible research: A bioinformatics case study},
 author={Gentleman, Robert},
 year={2004},
 publisher={bepress}
}


@InCollection{preeyanon2014reproducible,
booktitle = {Implementing Reproducible Computational Research},
editor = {Victoria Stodden and Friedrich Leisch and Roger D. Peng},
title={Reproducible Bioinformatics Research for Biologists},
author={Preeyanon, Likit, Black Pyrkosz, Alexis and Brown, C. Titus},
publisher = {Chapman and Hall/CRC},
year = {2014},
note = {ISBN 978-1466561595},
url = {http://www.crcpress.com/product/isbn/9781466561595},
 }




@article{feigenspan2013background,
 title={Do background colors improve program comprehension in the\# ifdef hell?},
 author={Feigenspan, Janet and K{\"a}stner, Christian and Apel, Sven and Liebig, J{\"o}rg and Schulze, Michael and Dachselt, Raimund and Papendieck, Maria and Leich, Thomas and Saake, Gunter},
 journal={Empirical Software Engineering},
 volume={18},
 number={4},
 pages={699--745},
 year={2013},
 publisher={Springer US}
}


@inproceedings{lee2013drag,
 title={Drag-and-drop refactoring: intuitive and efficient program transformation},
 author={Lee, Yun Young and Chen, Nicholas and Johnson, Ralph E},
 booktitle={Proceedings of the 2013 International Conference on Software Engineering},
 pages={23--32},
 year={2013},
 organization={IEEE Press}
}


@inproceedings{song2013impact,
 title={The impact of parameter tuning on software effort estimation using learning machines},
 author={Song, Liyan and Minku, Leandro L and Yao, Xin},
 booktitle={Proceedings of the 9th International Conference on Predictive Models in Software Engineering},
 pages={9},
 year={2013},
 organization={ACM}
}


@inproceedings{herbold2013training,
 title={Training data selection for cross-project defect prediction},
 author={Herbold, Steffen},
 booktitle={Proceedings of the 9th International Conference on Predictive Models in Software Engineering},
 pages={6},
 year={2013},
 organization={ACM}
}


%allpapertable
@article{davies2013software,
 title={Software Bertillonage},
 author={Davies, Julius and German, Daniel M and Godfrey, Michael W and Hindle, Abram},
 journal={Empirical Software Engineering},
 volume={18},
 number={6},
 pages={1195--1237},
 year={2013},
 publisher={Springer}
}
@article{apaeffectiveness,
year={2014},
issn={1382-3256},
journal={Empirical Software Engineering},
volume={19},
number={2},
doi={10.1007/s10664-013-9267-7},
title={Effectiveness for detecting faults within and outside the scope of testing techniques: an independent replication},
url={http://dx.doi.org/10.1007/s10664-013-9267-7},
publisher={Springer US},
keywords={Replication; Experiment; Unit testing; Reporting guidelines},
author={Apa, Cecilia and Dieste, Oscar and Espinosa G., EdisonG. and Fonseca C., EfraínR.},
pages={378-417},
language={English}
}
@inproceedings{coker2013program,
 title={Program transformations to fix C integers},
 author={Coker, Zack and Hafiz, Munawar},
 booktitle={Proceedings of the 2013 International Conference on Software Engineering},
 pages={792--801},
 year={2013},
 organization={IEEE Press}
}
@article{okutan2014software,
 title={Software defect prediction using Bayesian networks},
 author={Okutan, Ahmet and Y{\i}ld{\i}z, Olcay Taner},
 journal={Empirical Software Engineering},
 volume={19},
 number={1},
 pages={154--181},
 year={2014},
 publisher={Springer}
}
@article{gomez2013replicated,
 title={A replicated quasi-experimental study on the influence of personality and team climate in software development},
 author={G{\'o}mez, Marta N and Acu{\~n}a, Silvia T},
 journal={Empirical Software Engineering},
 pages={1--35},
 year={2013},
 publisher={Springer}
}
@article{pagano2013open,
 title={How do open source communities blog?},
 author={Pagano, Dennis and Maalej, Walid},
 journal={Empirical Software Engineering},
 volume={18},
 number={6},
 pages={1090--1124},
 year={2013},
 publisher={Springer}
}
@article{callau2013and,
 title={How (and why) developers use the dynamic features of programming languages: the case of Smalltalk},
 author={Calla{\'u}, Oscar and Robbes, Romain and Tanter, {\'E}ric and R{\"o}thlisberger, David},
 journal={Empirical Software Engineering},
 volume={18},
 number={6},
 pages={1156--1194},
 year={2013},
 publisher={Springer}
}
@article{koziolek2013performance,
 title={Performance and reliability prediction for evolving service-oriented software systems},
 author={Koziolek, Heiko and Schlich, Bastian and Becker, Steffen and Hauck, Michael},
 journal={Empirical Software Engineering},
 volume={18},
 number={4},
 pages={746--790},
 year={2013},
 publisher={Springer}
}
@article{bell2013limited,
 title={The limited impact of individual developer data on software defect prediction},
 author={Bell, Robert M and Ostrand, Thomas J and Weyuker, Elaine J},
 journal={Empirical Software Engineering},
 volume={18},
 number={3},
 pages={478--505},
 year={2013},
 publisher={Springer}
}


@article{walia2013using,
 title={Using error abstraction and classification to improve requirement quality: conclusions from a family of four empirical studies},
 author={Walia, Gursimran S and Carver, Jeffrey C},
 journal={Empirical Software Engineering},
 volume={18},
 number={4},
 pages={625--658},
 year={2013},
 publisher={Springer}
}
@article{mohagheghi2013empirical,
 title={An empirical study of the state of the practice and acceptance of model-driven engineering in four industrial cases},
 author={Mohagheghi, Parastoo and Gilani, Wasif and Stefanescu, Alin and Fernandez, Miguel A},
 journal={Empirical Software Engineering},
 volume={18},
 number={1},
 pages={89--116},
 year={2013},
 publisher={Springer}
}
@article{corazza2013using,
 title={Using tabu search to configure support vector regression for effort estimation},
 author={Corazza, Anna and Di Martino, Sergio and Ferrucci, Filomena and Gravino, Carmine and Sarro, Federica and Mendes, Emilia},
 journal={Empirical Software Engineering},
 volume={18},
 number={3},
 pages={506--546},
 year={2013},
 publisher={Springer}
}
@inproceedings{roy2013x,
 title={X-PERT: accurate identification of cross-browser issues in web applications},
 author={Roy Choudhary, Shauvik and Prasad, Mukul R and Orso, Alessandro},
 booktitle={Proceedings of the 2013 International Conference on Software Engineering},
 pages={702--711},
 year={2013},
 organization={IEEE Press}
}
@article{shin2013can,
 title={Can traditional fault prediction models be used for vulnerability prediction?},
 author={Shin, Yonghee and Williams, Laurie},
 journal={Empirical Software Engineering},
 volume={18},
 number={1},
 pages={25--59},
 year={2013},
 publisher={Springer}
}
@inproceedings{kocaguneli2013building,
 title={Building a second opinion: learning cross-company data},
 author={Kocaguneli, Ekrem and Cukic, Bojan and Menzies, Tim and Lu, Huihua},
 booktitle={Proceedings of the 9th International Conference on Predictive Models in Software Engineering},
 pages={12},
 year={2013},
 organization={ACM}
}
@article{capiluppi2013effort,
 title={Effort estimation of FLOSS projects: a study of the Linux kernel},
 author={Capiluppi, Andrea and Izquierdo-Cort{\'a}zar, Daniel},
 journal={Empirical Software Engineering},
 volume={18},
 number={1},
 pages={60--88},
 year={2013},
 publisher={Springer}
}
@inproceedings{shar2013mining,
 title={Mining SQL injection and cross site scripting vulnerabilities using hybrid program analysis},
 author={Shar, Lwin Khin and Tan, Hee Beng Kuan and Briand, Lionel C},
 booktitle={Proceedings of the 2013 International Conference on Software Engineering},
 pages={642--651},
 year={2013},
 organization={IEEE Press}
}


@inproceedings{cotroneo2013learning,
 title={A learning-based method for combining testing techniques},
 author={Cotroneo, Domenico and Pietrantuono, Roberto and Russo, Stefano},
 booktitle={Software Engineering (ICSE), 2013 35th International Conference on},
 pages={142--151},
 year={2013},
 organization={IEEE}
}
@inproceedings{neto2013popt,
 title={POPT: a problem-oriented programming and testing approach for novice students},
 author={Neto, Vicente Lustosa and Coelho, Roberta and Leite, Larissa and Guerrero, Dalton S and Mendon{\c{c}}a, Andrea P},
 booktitle={Software Engineering (ICSE), 2013 35th International Conference on},
 pages={1099--1108},
 year={2013},
 organization={IEEE}
}
@inproceedings{swearngin2013human,
 title={Human performance regression testing},
 author={Swearngin, Amanda and Cohen, Myra B and John, Bonnie E and Bellamy, Rachel KE},
 booktitle={Software Engineering (ICSE), 2013 35th International Conference on},
 pages={152--161},
 year={2013},
 organization={IEEE}
}
@inproceedings{thummalapenta2013guided,
 title={Guided test generation for web applications},
 author={Thummalapenta, Suresh and Lakshmi, K Vasanta and Sinha, Saurabh and Sinha, Nishant and Chandra, Satish},
 booktitle={Software Engineering (ICSE), 2013 35th International Conference on},
 pages={162--171},
 year={2013},
 organization={IEEE}
}
@inproceedings{sawadsky2013reverb,
 title={Reverb: recommending code-related web pages},
 author={Sawadsky, Nicholas and Murphy, Gail C and Jiresal, Rahul},
 booktitle={Proceedings of the 2013 International Conference on Software Engineering},
 pages={812--821},
 year={2013},
 organization={IEEE Press}
}
@inproceedings{hassan2013comparing,
 title={Comparing multi-point stride coverage and dataflow coverage},
 author={Hassan, Mohammad Mahdi and Andrews, James H},
 booktitle={Proceedings of the 2013 International Conference on Software Engineering},
 pages={172--181},
 year={2013},
 organization={IEEE Press}
}
@inproceedings{zhang2013predicting,
 title={Predicting bug-fixing time: an empirical study of commercial software projects},
 author={Zhang, Hongyu and Gong, Liang and Versteeg, Steve},
 booktitle={Proceedings of the 2013 International Conference on Software Engineering},
 pages={1042--1051},
 year={2013},
 organization={IEEE Press}
}
@inproceedings{kim2013automatic,
 title={Automatic patch generation learned from human-written patches},
 author={Kim, Dongsun and Nam, Jaechang and Song, Jaewoo and Kim, Sunghun},
 booktitle={Proceedings of the 2013 International Conference on Software Engineering},
 pages={802--811},
 year={2013},
 organization={IEEE Press}
}
@inproceedings{zhang2013bridging,
 title={Bridging the gap between the total and additional test-case prioritization strategies},
 author={Zhang, Lingming and Hao, Dan and Zhang, Lu and Rothermel, Gregg and Mei, Hong},
 booktitle={Software Engineering (ICSE), 2013 35th International Conference on},
 pages={192--201},
 year={2013},
 organization={IEEE}
}
@inproceedings{bohme2013partition,
 title={Partition-based regression verification},
 author={B{\"o}hme, Marcel and Oliveira, Bruno C d S and Roychoudhury, Abhik},
 booktitle={Proceedings of the 2013 International Conference on Software Engineering},
 pages={302--311},
 year={2013},
 organization={IEEE Press}
}
@inproceedings{panichella2013effectively,
 title={How to effectively use topic models for software engineering tasks? an approach based on genetic algorithms},
 author={Panichella, Annibale and Dit, Bogdan and Oliveto, Rocco and Di Penta, Massimiliano and Poshyvanyk, Denys and De Lucia, Andrea},
 booktitle={Proceedings of the 2013 International Conference on Software Engineering},
 pages={522--531},
 year={2013},
 organization={IEEE Press}
}
@inproceedings{rahman2013and,
 title={How, and why, process metrics are better},
 author={Rahman, Foyzur and Devanbu, Premkumar},
 booktitle={Proceedings of the 2013 International Conference on Software Engineering},
 pages={432--441},
 year={2013},
 organization={IEEE Press}
}
@inproceedings{ferrucci2013not,
 title={Not going to take this anymore: multi-objective overtime planning for software engineering projects},
 author={Ferrucci, Filomena and Harman, Mark and Ren, Jian and Sarro, Federica},
 booktitle={Proceedings of the 2013 International Conference on Software Engineering},
 pages={462--471},
 year={2013},
 organization={IEEE Press}
}
% Appendix table, Algorithms
%Local Outlier Factor
@inproceedings{breunig2000lof,
 title={LOF: identifying density-based local outliers},
 author={Breunig, Markus M and Kriegel, Hans-Peter and Ng, Raymond T and Sander, J{\"o}rg},
 booktitle={ACM Sigmod Record},
 volume={29},
 number={2},
 pages={93--104},
 year={2000},
 organization={ACM}
}
%PCOut
@article{filzmoser2008outlier,
 title={Outlier identification in high dimensions},
 author={Filzmoser, Peter and Maronna, Ricardo and Werner, Mark},
 journal={Computational Statistics \& Data Analysis},
 volume={52},
 number={3},
 pages={1694--1711},
 year={2008},
 publisher={Elsevier}
}
@inproceedings{bay2003mining,
 title={Mining distance-based outliers in near linear time with randomization and a simple pruning rule},
 author={Bay, Stephen D and Schwabacher, Mark},
 booktitle={Proceedings of the ninth ACM SIGKDD international conference on Knowledge discovery and data mining},
 pages={29--38},
 year={2003},
 organization={ACM}
}


@inproceedings{lochmann2013comprehensive,
 title={Are comprehensive quality models necessary for evaluating software quality?},
 author={Lochmann, Klaus and Ramadani, Jasmin and Wagner, Stefan},
 booktitle={Proceedings of the 9th International Conference on Predictive Models in Software Engineering},
 pages={3},
 year={2013},
 organization={ACM}
}
y